@book{Liu_SPH,
  title={Smoothed particle hydrodynamics: a meshfree particle method},
  author={Liu, Gui-Rong and Liu, Moubin B},
  year={2003},
  publisher={World Scientific}
}
@book{Luna_SPH,
 title={Estudio Computacional de la fragmentacion de materiales fragiles con el metodo de particulas suavizadas (SPH)},
 autho={Daniel, Luna},
 year={2014},
 publisher={Uniandes - Departamento de ingenieria mecanica}
 }
@techreport{allahdadi93,
  title={High strain Lagrangian hydrodynamics: a three dimensional SPH code for dynamic material response},
  author={Allahdadi, Firooz A and Carney, Theodore C and Hipp, Jim R and Libersky, Larry D and Petschek, Albert G},
  year={1993},
  institution={DTIC Document}
}
@article{benz95,
  title={Simulations of brittle solids using smooth particle hydrodynamics},
  author={Benz, Willy and Asphaug, Erik},
  journal={Computer physics communications},
  volume={87},
  number={1},
  pages={253--265},
  year={1995},
  publisher={Elsevier}
}
@incollection{Hiermaier_SW,
  title={Shock Waves and Related Equations of State},
  author={Hiermaier, Stefan Josef},
  booktitle={Structures Under Crash and Impact},
  pages={145--213},
  year={2008},
  publisher={Springer}
}
@incollection{Menikoff_SS,
  title={Empirical equations of state for solids},
  author={Menikoff, Ralph},
  booktitle={ShockWave Science and Technology Reference Library},
  pages={143--188},
  year={2007},
  publisher={Springer}
}
@article{S_calculus,
  title={Calculus Early Transcendentals, 6e},
  author={Stewart, James},
  journal={Belmont, CA: Thompson Brooks/Cole},
  year={2006}
}